<?xml version="1.0" encoding="UTF-8"?>
<record xmlns="http://www.loc.gov/MARC21/slim" xmlns:xsi="http://www.w3.org/2001/XMLSchema-instance" xsi:schemaLocation="http://www.loc.gov/MARC21/slim http://www.loc.gov/standards/marcxml/schema/MARC21slim.xsd">
<leader>00000cam a22      a 4500</leader>
<controlfield tag="001">002230397</controlfield>
<controlfield tag="003">NNU</controlfield>
<controlfield tag="005">20160302180321.0</controlfield>
<controlfield tag="008">791119s1936    le h     b    000 0 eng d</controlfield>
<datafield tag="035" ind1=" " ind2=" ">
<subfield code="a">(OCoLC)5711268</subfield>
</datafield>
<datafield tag="040" ind1=" " ind2=" ">
<subfield code="a">CLE</subfield>
<subfield code="b">eng</subfield>
<subfield code="c">CLE</subfield>
<subfield code="d">UV0</subfield>
<subfield code="d">OCLCG</subfield>
<subfield code="d">CUY</subfield>
<subfield code="d">UPM</subfield>
<subfield code="d">KUK</subfield>
<subfield code="d">OCLCQ</subfield>
<subfield code="d">OCLCO</subfield>
<subfield code="d">OCLCF</subfield>
<subfield code="d">OCLCQ</subfield>
<subfield code="d">DEBBG</subfield>
<subfield code="d">OCL</subfield>
</datafield>
<datafield tag="050" ind1=" " ind2="4">
<subfield code="a">PJ25</subfield>
<subfield code="b">.A6 1936</subfield>
</datafield>
<datafield tag="082" ind1="0" ind2="4">
<subfield code="a">962.03</subfield>
<subfield code="b">R929r</subfield>
</datafield>
<datafield tag="084" ind1=" " ind2=" ">
<subfield code="a">NP 6500</subfield>
<subfield code="2">rvk</subfield>
</datafield>
<datafield tag="100" ind1="1" ind2=" ">
<subfield code="a">Rustum, Asad,</subfield>
<subfield code="d">1897-1965.</subfield>
</datafield>
<datafield tag="245" ind1="1" ind2="4">
<subfield code="a">The Royal archives of Egypt and the origins of the Egyptian expedition to Syria, 1831-1841.</subfield>
</datafield>
<datafield tag="260" ind1=" " ind2=" ">
<subfield code="a">Beirut :</subfield>
<subfield code="b">American Press,</subfield>
<subfield code="c">1936.</subfield>
</datafield>
<datafield tag="300" ind1=" " ind2=" ">
<subfield code="a">116 pages :</subfield>
<subfield code="b">facsimiles ;</subfield>
<subfield code="c">25 cm.</subfield>
</datafield>
<datafield tag="336" ind1=" " ind2=" ">
<subfield code="a">text</subfield>
<subfield code="b">txt</subfield>
<subfield code="2">rdacontent</subfield>
</datafield>
<datafield tag="337" ind1=" " ind2=" ">
<subfield code="a">unmediated</subfield>
<subfield code="b">n</subfield>
<subfield code="2">rdamedia</subfield>
</datafield>
<datafield tag="338" ind1=" " ind2=" ">
<subfield code="a">volume</subfield>
<subfield code="b">nc</subfield>
<subfield code="2">rdacarrier</subfield>
</datafield>
<datafield tag="490" ind1="1" ind2=" ">
<subfield code="a">American university of Beirut. Publications of the Faculty of arts and sciences. Oriental series,</subfield>
<subfield code="v">no. 7</subfield>
</datafield>
<datafield tag="504" ind1=" " ind2=" ">
<subfield code="a">Selected bibliography: pages 97-116.</subfield>
</datafield>
<datafield tag="650" ind1=" " ind2="0">
<subfield code="a">Turco-Egyptian Conflict, 1831-1840.</subfield>
</datafield>
<datafield tag="611" ind1="2" ind2="7">
<subfield code="a">Turco-Egyptian Conflict (1831-1840)</subfield>
<subfield code="2">fast</subfield>
<subfield code="0">(OCoLC)fst01159236</subfield>
</datafield>
<datafield tag="648" ind1=" " ind2="7">
<subfield code="a">1831 - 1840.</subfield>
<subfield code="2">fast</subfield>
</datafield>
<datafield tag="776" ind1="0" ind2="8">
<subfield code="i">Online version:</subfield>
<subfield code="a">Rustum, Asad, 1897-1965.</subfield>
<subfield code="t">Royal archives of Egypt and the origins of the Egyptian expedition to Syria, 1831-1841.</subfield>
<subfield code="d">Beirut, American press, 1936</subfield>
<subfield code="w">(OCoLC)645204836</subfield>
</datafield>
<datafield tag="810" ind1="2" ind2=" ">
<subfield code="a">American University of Beirut.</subfield>
<subfield code="b">Faculty of Arts and Sciences.</subfield>
<subfield code="t">Publications. Oriental series ;</subfield>
<subfield code="v">no. 7.</subfield>
</datafield>
<datafield tag="OWN" ind1=" " ind2=" ">
<subfield code="a">GENERAL</subfield>
</datafield>
<datafield tag="AVA" ind1=" " ind2=" ">
<subfield code="a">NYU50</subfield>
<subfield code="b">BOBST</subfield>
<subfield code="c">Main Collection</subfield>
<subfield code="d">PJ25 .A6 no.8</subfield>
<subfield code="e">unavailable</subfield>
<subfield code="t">Unavailable</subfield>
<subfield code="f">1</subfield>
<subfield code="g">1</subfield>
<subfield code="h">N</subfield>
<subfield code="i">3</subfield>
<subfield code="j">MAIN</subfield>
<subfield code="k">0</subfield>
</datafield>
</record>
